@inproceedings{Hedera,
 title = {Hedera: Dynamic Flow Scheduling for Data Center Networks},
 author = {Al-Fares, Mohammad and Radhakrishnan, Sivasankar and Raghavan, Barath and Huang, Nelson and Vahdat, Amin},
 booktitle = {USENIX Symposium on Networked Systems Design & Implementation},
 year = {2010},
 organization = {NSDI}
}
